@Article{An_2017,
  author       = {An, F. P. and Balantekin, A. B. and Band, H. R. and Bishai, M.
                  and Blyth, S. and Cao, D. and Cao, G. F. and Cao, J. and Cen,
                  W. R. and Chan, Y. L. and et al.},
  title        = {Measurement of electron antineutrino oscillation based on
                  1230 days of operation of the Daya Bay experiment},
  year         = 2017,
  volume       = 95,
  number       = 7,
  month        = {Apr},
  issn         = {2470-0029},
  doi          = {10.1103/physrevd.95.072006},
  url          = {http://dx.doi.org/10.1103/PhysRevD.95.072006},
  journal      = {Physical Review D},
  publisher    = {American Physical Society (APS)}
}

